<record><leader>00000cas a2200000 a 4500</leader><controlfield tag="001">13148675</controlfield><controlfield tag="008">860213d19291961maudr ne      0    0eng  </controlfield><datafield ind1=" " ind2=" " tag="010"><subfield code="a">sn 86071090 </subfield></datafield><datafield ind1=" " ind2=" " tag="040"><subfield code="a">DLC</subfield><subfield code="b">eng</subfield><subfield code="c">DLC</subfield><subfield code="d">MFN</subfield><subfield code="d">MGN</subfield><subfield code="d">CNW</subfield><subfield code="d">DLC</subfield><subfield code="d">OCLCO</subfield><subfield code="d">OCLCQ</subfield><subfield code="d">OCLCF</subfield><subfield code="d">OCLCO</subfield><subfield code="d">CRL</subfield><subfield code="d">OCLCO</subfield><subfield code="d">OCL</subfield><subfield code="d">OCLCO</subfield></datafield><datafield ind1="1" ind2=" " tag="029"><subfield code="a">AU@</subfield><subfield code="b">000021740687</subfield></datafield><datafield ind1=" " ind2=" " tag="042"><subfield code="a">pcc</subfield></datafield><datafield ind1=" " ind2=" " tag="043"><subfield code="a">n-us-ma</subfield></datafield><datafield ind1="0" ind2=" " tag="130"><subfield code="a">Daily record (Boston, Mass.)</subfield></datafield><datafield ind1="1" ind2="0" tag="245"><subfield code="a">Daily record.</subfield></datafield><datafield ind1="1" ind2="7" tag="246"><subfield code="a">Boston daily record</subfield></datafield><datafield ind1=" " ind2=" " tag="260"><subfield code="a">Boston [Mass.] :</subfield><subfield code="b">Northeastern Pub. Co.</subfield></datafield><datafield ind1=" " ind2=" " tag="300"><subfield code="a">v.</subfield></datafield><datafield ind1=" " ind2=" " tag="310"><subfield code="a">Daily</subfield></datafield><datafield ind1=" " ind2=" " tag="321"><subfield code="a">Daily (except Sunday),</subfield><subfield code="b">&lt;Sept. 2, 1954-&gt;</subfield></datafield><datafield ind1="1" ind2=" " tag="362"><subfield code="a">Began June 4, 1929.</subfield></datafield><datafield ind1="0" ind2=" " tag="362"><subfield code="a">-Sept. 30, 1961.</subfield></datafield><datafield ind1=" " ind2=" " tag="500"><subfield code="a">Several chronological editions available.</subfield></datafield><datafield ind1=" " ind2=" " tag="515"><subfield code="a">Suspended due to strike, Aug. 11-30, 1957, and: Nov. 6-15, 1959.</subfield></datafield><datafield ind1=" " ind2=" " tag="588"><subfield code="a">Description based on: Vol. 231, no. 133 (June 5, 1929).</subfield></datafield><datafield ind1=" " ind2="0" tag="651"><subfield code="a">Boston (Mass.)</subfield><subfield code="v">Newspapers.</subfield></datafield><datafield ind1=" " ind2="0" tag="651"><subfield code="a">Suffolk County (Mass.)</subfield><subfield code="v">Newspapers.</subfield></datafield><datafield ind1=" " ind2="7" tag="651"><subfield code="a">Massachusetts</subfield><subfield code="z">Suffolk County.</subfield><subfield code="2">fast</subfield><subfield code="0">(OCoLC)fst01206189</subfield></datafield><datafield ind1=" " ind2="7" tag="651"><subfield code="a">Massachusetts</subfield><subfield code="z">Boston.</subfield><subfield code="2">fast</subfield><subfield code="0">(OCoLC)fst01205012</subfield></datafield><datafield ind1=" " ind2="7" tag="655"><subfield code="a">Newspapers.</subfield><subfield code="2">fast</subfield><subfield code="0">(OCoLC)fst01423814</subfield></datafield><datafield ind1=" " ind2=" " tag="752"><subfield code="a">United States</subfield><subfield code="b">Massachusetts</subfield><subfield code="c">Suffolk</subfield><subfield code="d">Boston.</subfield></datafield><datafield ind1="0" ind2="0" tag="780"><subfield code="t">Daily record and Boston daily advertiser</subfield><subfield code="w">(DLC)sn 90057221</subfield><subfield code="w">(OCoLC)22186387</subfield></datafield><datafield ind1="0" ind2="7" tag="785"><subfield code="t">Boston American (Boston, Mass. : 1957)</subfield><subfield code="w">(DLC)sn 91057117</subfield><subfield code="w">(OCoLC)24024735</subfield></datafield><datafield ind1="0" ind2="7" tag="785"><subfield code="t">Record American (Boston, Mass.)</subfield><subfield code="w">(DLC)sn 83045541</subfield><subfield code="w">(OCoLC)9526818</subfield></datafield></record>